<record><leader>00000cas a2200000 a 4500</leader><controlfield tag="001">22435204</controlfield><controlfield tag="008">900925d19341979iludn ne      0   a0eng c</controlfield><datafield ind1=" " ind2=" " tag="010"><subfield code="a">sn 90054777 </subfield></datafield><datafield ind1=" " ind2=" " tag="040"><subfield code="a">NVF</subfield><subfield code="b">eng</subfield><subfield code="c">NVF</subfield><subfield code="d">NVF</subfield><subfield code="d">OCLCQ</subfield><subfield code="d">OCLCF</subfield><subfield code="d">NVF</subfield><subfield code="d">OCLCO</subfield></datafield><datafield ind1="1" ind2=" " tag="029"><subfield code="a">AU@</subfield><subfield code="b">000020597545</subfield></datafield><datafield ind1=" " ind2=" " tag="042"><subfield code="a">pcc</subfield></datafield><datafield ind1=" " ind2=" " tag="043"><subfield code="a">n-us-il</subfield></datafield><datafield ind1="0" ind2="0" tag="245"><subfield code="a">Flora daily news-record.</subfield></datafield><datafield ind1="3" ind2=" " tag="246"><subfield code="a">Flora daily news record</subfield></datafield><datafield ind1=" " ind2=" " tag="260"><subfield code="a">Flora, Ill. :</subfield><subfield code="b">Flora Record Pub. Co.,</subfield><subfield code="c">1934-1979.</subfield></datafield><datafield ind1=" " ind2=" " tag="300"><subfield code="a">v.</subfield></datafield><datafield ind1=" " ind2=" " tag="310"><subfield code="a">Daily (except Saturday and Sunday)</subfield></datafield><datafield ind1="0" ind2=" " tag="362"><subfield code="a">Vol. 22, no. 1 (Jan. 2, 1934)-v. 67, no. 148 (Aug. 3, 1979).</subfield></datafield><datafield ind1=" " ind2=" " tag="580"><subfield code="a">Formed by the union of: Flora daily news and: Flora journal-record.</subfield></datafield><datafield ind1=" " ind2=" " tag="580"><subfield code="a">Merged with: Clay County advocate-press, to form: Daily Clay County advocate-press.</subfield></datafield><datafield ind1=" " ind2="0" tag="651"><subfield code="a">Flora (Ill.)</subfield><subfield code="v">Newspapers.</subfield></datafield><datafield ind1=" " ind2="0" tag="651"><subfield code="a">Clay County (Ill.)</subfield><subfield code="v">Newspapers.</subfield></datafield><datafield ind1=" " ind2="7" tag="651"><subfield code="a">Illinois</subfield><subfield code="z">Clay County.</subfield><subfield code="2">fast</subfield><subfield code="0">(OCoLC)fst01214969</subfield></datafield><datafield ind1=" " ind2="7" tag="651"><subfield code="a">Illinois</subfield><subfield code="z">Flora.</subfield><subfield code="2">fast</subfield><subfield code="0">(OCoLC)fst01222890</subfield></datafield><datafield ind1=" " ind2="7" tag="655"><subfield code="a">Newspapers.</subfield><subfield code="2">fast</subfield><subfield code="0">(OCoLC)fst01423814</subfield></datafield><datafield ind1=" " ind2=" " tag="752"><subfield code="a">United States</subfield><subfield code="b">Illinois</subfield><subfield code="c">Clay</subfield><subfield code="d">Flora.</subfield></datafield><datafield ind1="1" ind2="4" tag="780"><subfield code="t">Flora daily news</subfield><subfield code="w">(DLC)sn 90054783</subfield><subfield code="w">(OCoLC)22435112</subfield></datafield><datafield ind1="1" ind2="4" tag="780"><subfield code="t">Flora journal-record</subfield><subfield code="w">(DLC)sn 90054782</subfield><subfield code="w">(OCoLC)22434974</subfield></datafield><datafield ind1="1" ind2="7" tag="785"><subfield code="t">Clay County advocate-press</subfield><subfield code="w">(DLC)sn 90054776</subfield><subfield code="w">(OCoLC)22426716</subfield></datafield><datafield ind1="1" ind2="7" tag="785"><subfield code="t">Daily Clay County advocate-press</subfield><subfield code="w">(DLC)sn 90054778</subfield><subfield code="w">(OCoLC)15061942</subfield></datafield></record>